@book{bateman1981,
  author = {Bateman, Harry},
  title = {Higher transcendental functions},
  publisher = {R.E. Krieger Pub. Co},
  year = {1981},
  address = {Malabar, Florida},
  isbn = {089874-069-X}
}

@article{ivan2011,
  title = {Operator-sum representation for bosonic Gaussian channels}, 
  author = {Ivan, J. Solomon and Sabapathy, Krishna Kumar and Simon, R.}, 
  year = {2011}, 
  month = {10}, 
  day = {6}, 
  number = {4}, 
  volume = {84}, 
  journal = {Physical Review A}, 
  publisher = {American Physical Society (APS)}, 
  url = {http://dx.doi.org/10.1103/physreva.84.042311}, 
  doi = {10.1103/physreva.84.042311}
}

@article{yukawa2013a,
  title = {Generating superposition of up-to three photons for continuous variable quantum information processing}, 
  author = {Yukawa, Mitsuyoshi and Miyata, Kazunori and Mizuta, Takahiro and Yonezawa, Hidehiro and Marek, Petr and Filip, Radim and Furusawa, Akira}, 
  year = {2013}, 
  month = {2}, 
  day = {27}, 
  number = {5}, 
  volume = {21}, 
  journal = {Optics Express}, 
  pages = {5529}, 
  publisher = {The Optical Society}, 
  url = {http://dx.doi.org/10.1364/oe.21.005529}, 
  doi = {10.1364/oe.21.005529}
}

@article{yoshikawa2018,
  title = {Heralded creation of photonic qudits from parametric down-conversion using linear optics}, 
  author = {Yoshikawa, Junichi and Bergmann, Marcel and van Loock, Peter and Fuwa, Maria and Okada, Masanori and Takase, Kan and Toyama, Takeshi and Makino, Kenzo and Takeda, Shuntaro and Furusawa, Akira}, 
  year = {2018}, 
  month = {5}, 
  day = {14}, 
  number = {5}, 
  volume = {97}, 
  journal = {Physical Review A}, 
  publisher = {American Physical Society (APS)}, 
  url = {http://dx.doi.org/10.1103/physreva.97.053814}, 
  doi = {10.1103/physreva.97.053814}
}

@article{tiedau2019,
  title = {Scalability of parametric down-conversion for generating higher-order Fock states}, 
  author = {Tiedau, Johannes and Bartley, Tim J. and Harder, Georg and Lita, Adriana E. and Nam, Sae Woo and Gerrits, Thomas and Silberhorn, Christine}, 
  year = {2019}, 
  month = {10}, 
  day = {18}, 
  number = {4}, 
  volume = {100}, 
  journal = {Physical Review A}, 
  publisher = {American Physical Society (APS)}, 
  url = {http://dx.doi.org/10.1103/physreva.100.041802}, 
  doi = {10.1103/physreva.100.041802}
}

@article{lachman2019,
  title = {Faithful Hierarchy of Genuine n-Photon Quantum Non-Gaussian Light}, 
  author = {Lachman, Luk{\'a}{\v{s}} and Straka, Ivo and Hlou{\v{s}}ek, Josef and Je{\v{z}}ek, Miroslav and Filip, Radim}, 
  year = {2019}, 
  month = {7}, 
  day = {23}, 
  number = {4}, 
  volume = {123}, 
  journal = {Physical Review Letters}, 
  publisher = {American Physical Society (APS)}, 
  url = {http://dx.doi.org/10.1103/physrevlett.123.043601}, 
  doi = {10.1103/physrevlett.123.043601}
}

@article{provaznik2020,
  title = {Benchmarking photon number resolving detectors}, 
  author = {Provazn{\'\i}k, Jan and Lachman, Luk{\'a}{\v{s}} and Filip, Radim and Marek, Petr}, 
  year = {2020}, 
  month = {5}, 
  day = {1}, 
  number = {10}, 
  volume = {28}, 
  journal = {Optics Express}, 
  pages = {14839}, 
  publisher = {Optica Publishing Group}, 
  url = {http://dx.doi.org/10.1364/oe.389619}, 
  doi = {10.1364/oe.389619}
}

@article{virtanen2020,
  title = {SciPy 1.0: fundamental algorithms for scientific computing in Python}, 
  author = {Virtanen, Pauli and Gommers, Ralf and Oliphant, Travis E. and Haberland, Matt and Reddy, Tyler and Cournapeau, David and Burovski, Evgeni and Peterson, Pearu and Weckesser, Warren and Bright, Jonathan and van der Walt, St{\'e}fan J. and Brett, Matthew and Wilson, Joshua and Millman, K. Jarrod and Mayorov, Nikolay and Nelson, Andrew R. J. and Jones, Eric and Kern, Robert and Larson, Eric and Carey, C J and Polat, {\.I}lhan and Feng, Yu and Moore, Eric W. and VanderPlas, Jake and Laxalde, Denis and Perktold, Josef and Cimrman, Robert and Henriksen, Ian and Quintero, E. A. and Harris, Charles R. and Archibald, Anne M. and Ribeiro, Ant{\^o}nio H. and Pedregosa, Fabian and van Mulbregt, Paul and Vijaykumar, Aditya and Bardelli, Alessandro Pietro and Rothberg, Alex and Hilboll, Andreas and Kloeckner, Andreas and Scopatz, Anthony and Lee, Antony and Rokem, Ariel and Woods, C. Nathan and Fulton, Chad and Masson, Charles and H{\"a}ggstr{\"o}m, Christian and Fitzgerald, Clark and Nicholson, David A. and Hagen, David R. and Pasechnik, Dmitrii V. and Olivetti, Emanuele and Martin, Eric and Wieser, Eric and Silva, Fabrice and Lenders, Felix and Wilhelm, Florian and Young, G. and Price, Gavin A. and Ingold, Gert-Ludwig and Allen, Gregory E. and Lee, Gregory R. and Audren, Herv{\'e} and Probst, Irvin and Dietrich, J{\"o}rg P. and Silterra, Jacob and Webber, James T and Slavi{\v{c}}, Janko and Nothman, Joel and Buchner, Johannes and Kulick, Johannes and Sch{\"o}nberger, Johannes L. and de Miranda Cardoso, Jos{\'e} Vin{\'\i}cius and Reimer, Joscha and Harrington, Joseph and Rodr{\'\i}guez, Juan Luis Cano and Nunez-Iglesias, Juan and Kuczynski, Justin and Tritz, Kevin and Thoma, Martin and Newville, Matthew and K{\"u}mmerer, Matthias and Bolingbroke, Maximilian and Tartre, Michael and Pak, Mikhail and Smith, Nathaniel J. and Nowaczyk, Nikolai and Shebanov, Nikolay and Pavlyk, Oleksandr and Brodtkorb, Per A. and Lee, Perry and McGibbon, Robert T. and Feldbauer, Roman and Lewis, Sam and Tygier, Sam and Sievert, Scott and Vigna, Sebastiano and Peterson, Stefan and More, Surhud and Pudlik, Tadeusz and Oshima, Takuya and Pingel, Thomas J. and Robitaille, Thomas P. and Spura, Thomas and Jones, Thouis R. and Cera, Tim and Leslie, Tim and Zito, Tiziano and Krauss, Tom and Upadhyay, Utkarsh and Halchenko, Yaroslav O. and V{\'a}zquez-Baeza, Yoshiki and SciPy 1.0 Contributors}, 
  year = {2020}, 
  month = {2}, 
  day = {3}, 
  number = {3}, 
  volume = {17}, 
  journal = {Nature Methods}, 
  pages = {261-272}, 
  publisher = {Springer Science and Business Media LLC}, 
  url = {http://dx.doi.org/10.1038/s41592-019-0686-2}, 
  doi = {10.1038/s41592-019-0686-2}
}

@article{fiurasek2022,
  title = {Efficient construction of witnesses of the stellar rank of nonclassical states of light},
  author = {Fiur{\'a}{\v{s}}ek, Jarom{\'\i}r},
  year = {2022},
  month = {8},
  day = {5},
  number = {17},
  volume = {30},
  journal = {Optics Express},
  pages = {30630},
  publisher = {Optica Publishing Group},
  url = {http://dx.doi.org/10.1364/oe.466175},
  doi = {10.1364/oe.466175}
}

@article{chabaud2020,
  title = {Stellar Representation of Non-Gaussian Quantum States},
  author = {Chabaud, Ulysse and Markham, Damian and Grosshans, Fr{\'e}d{\'e}ric},
  year = {2020},
  month = {2},
  day = {14},
  number = {6},
  volume = {124},
  journal = {Physical Review Letters},
  publisher = {American Physical Society (APS)},
  url = {http://dx.doi.org/10.1103/physrevlett.124.063605},
  doi = {10.1103/physrevlett.124.063605}
}

@article{paul1996,
  title = {Photon Chopping: New Way to Measure the Quantum State of Light},
  author = {Paul, H. and T{\"o}rm{\"a}, P. and Kiss, T. and Jex, I.},
  year = {1996},
  month = {4},
  day = {1},
  number = {14},
  volume = {76},
  journal = {Physical Review Letters},
  pages = {2464-2467},
  publisher = {American Physical Society (APS)},
  url = {http://dx.doi.org/10.1103/physrevlett.76.2464},
  doi = {10.1103/physrevlett.76.2464}
}


