@book{bateman1981,
  author = {Bateman, Harry},
  title = {Higher transcendental functions},
  publisher = {R.E. Krieger Pub. Co},
  year = {1981},
  address = {Malabar, Florida},
  isbn = {089874-069-X}
}

@article{ivan2011,
  title = {Operator-sum representation for bosonic Gaussian channels}, 
  author = {Ivan, J. Solomon and Sabapathy, Krishna Kumar and Simon, R.}, 
  year = {2011}, 
  month = {10}, 
  day = {6}, 
  number = {4}, 
  volume = {84}, 
  journal = {Physical Review A}, 
  publisher = {American Physical Society (APS)}, 
  url = {http://dx.doi.org/10.1103/physreva.84.042311}, 
  doi = {10.1103/physreva.84.042311}
}

@article{yukawa2013a,
  title = {Generating superposition of up-to three photons for continuous variable quantum information processing}, 
  author = {Yukawa, Mitsuyoshi and Miyata, Kazunori and Mizuta, Takahiro and Yonezawa, Hidehiro and Marek, Petr and Filip, Radim and Furusawa, Akira}, 
  year = {2013}, 
  month = {2}, 
  day = {27}, 
  number = {5}, 
  volume = {21}, 
  journal = {Optics Express}, 
  pages = {5529}, 
  publisher = {The Optical Society}, 
  url = {http://dx.doi.org/10.1364/oe.21.005529}, 
  doi = {10.1364/oe.21.005529}
}

@article{yoshikawa2018,
  title = {Heralded creation of photonic qudits from parametric down-conversion using linear optics}, 
  author = {Yoshikawa, Junichi and Bergmann, Marcel and van Loock, Peter and Fuwa, Maria and Okada, Masanori and Takase, Kan and Toyama, Takeshi and Makino, Kenzo and Takeda, Shuntaro and Furusawa, Akira}, 
  year = {2018}, 
  month = {5}, 
  day = {14}, 
  number = {5}, 
  volume = {97}, 
  journal = {Physical Review A}, 
  publisher = {American Physical Society (APS)}, 
  url = {http://dx.doi.org/10.1103/physreva.97.053814}, 
  doi = {10.1103/physreva.97.053814}
}

@article{tiedau2019,
  title = {Scalability of parametric down-conversion for generating higher-order Fock states}, 
  author = {Tiedau, Johannes and Bartley, Tim J. and Harder, Georg and Lita, Adriana E. and Nam, Sae Woo and Gerrits, Thomas and Silberhorn, Christine}, 
  year = {2019}, 
  month = {10}, 
  day = {18}, 
  number = {4}, 
  volume = {100}, 
  journal = {Physical Review A}, 
  publisher = {American Physical Society (APS)}, 
  url = {http://dx.doi.org/10.1103/physreva.100.041802}, 
  doi = {10.1103/physreva.100.041802}
}

@article{lachman2019,
  title = {Faithful Hierarchy of Genuine n-Photon Quantum Non-Gaussian Light}, 
  author = {Lachman, Luk{\'a}{\v{s}} and Straka, Ivo and Hlou{\v{s}}ek, Josef and Je{\v{z}}ek, Miroslav and Filip, Radim}, 
  year = {2019}, 
  month = {7}, 
  day = {23}, 
  number = {4}, 
  volume = {123}, 
  journal = {Physical Review Letters}, 
  publisher = {American Physical Society (APS)}, 
  url = {http://dx.doi.org/10.1103/physrevlett.123.043601}, 
  doi = {10.1103/physrevlett.123.043601}
}

@article{provaznik2020,
  title = {Benchmarking photon number resolving detectors}, 
  author = {Provazn{\'\i}k, Jan and Lachman, Luk{\'a}{\v{s}} and Filip, Radim and Marek, Petr}, 
  year = {2020}, 
  month = {5}, 
  day = {1}, 
  number = {10}, 
  volume = {28}, 
  journal = {Optics Express}, 
  pages = {14839}, 
  publisher = {Optica Publishing Group}, 
  url = {http://dx.doi.org/10.1364/oe.389619}, 
  doi = {10.1364/oe.389619}
}

@article{virtanen2020,
  title = {SciPy 1.0: fundamental algorithms for scientific computing in Python}, 
  author = {Virtanen, Pauli and Gommers, Ralf and Oliphant, Travis E. and Haberland, Matt and Reddy, Tyler and Cournapeau, David and Burovski, Evgeni and Peterson, Pearu and Weckesser, Warren and Bright, Jonathan and van der Walt, St{\'e}fan J. and Brett, Matthew and Wilson, Joshua and Millman, K. Jarrod and Mayorov, Nikolay and Nelson, Andrew R. J. and Jones, Eric and Kern, Robert and Larson, Eric and Carey, C J and Polat, {\.I}lhan and Feng, Yu and Moore, Eric W. and VanderPlas, Jake and Laxalde, Denis and Perktold, Josef and Cimrman, Robert and Henriksen, Ian and Quintero, E. A. and Harris, Charles R. and Archibald, Anne M. and Ribeiro, Ant{\^o}nio H. and Pedregosa, Fabian and van Mulbregt, Paul and Vijaykumar, Aditya and Bardelli, Alessandro Pietro and Rothberg, Alex and Hilboll, Andreas and Kloeckner, Andreas and Scopatz, Anthony and Lee, Antony and Rokem, Ariel and Woods, C. Nathan and Fulton, Chad and Masson, Charles and H{\"a}ggstr{\"o}m, Christian and Fitzgerald, Clark and Nicholson, David A. and Hagen, David R. and Pasechnik, Dmitrii V. and Olivetti, Emanuele and Martin, Eric and Wieser, Eric and Silva, Fabrice and Lenders, Felix and Wilhelm, Florian and Young, G. and Price, Gavin A. and Ingold, Gert-Ludwig and Allen, Gregory E. and Lee, Gregory R. and Audren, Herv{\'e} and Probst, Irvin and Dietrich, J{\"o}rg P. and Silterra, Jacob and Webber, James T and Slavi{\v{c}}, Janko and Nothman, Joel and Buchner, Johannes and Kulick, Johannes and Sch{\"o}nberger, Johannes L. and de Miranda Cardoso, Jos{\'e} Vin{\'\i}cius and Reimer, Joscha and Harrington, Joseph and Rodr{\'\i}guez, Juan Luis Cano and Nunez-Iglesias, Juan and Kuczynski, Justin and Tritz, Kevin and Thoma, Martin and Newville, Matthew and K{\"u}mmerer, Matthias and Bolingbroke, Maximilian and Tartre, Michael and Pak, Mikhail and Smith, Nathaniel J. and Nowaczyk, Nikolai and Shebanov, Nikolay and Pavlyk, Oleksandr and Brodtkorb, Per A. and Lee, Perry and McGibbon, Robert T. and Feldbauer, Roman and Lewis, Sam and Tygier, Sam and Sievert, Scott and Vigna, Sebastiano and Peterson, Stefan and More, Surhud and Pudlik, Tadeusz and Oshima, Takuya and Pingel, Thomas J. and Robitaille, Thomas P. and Spura, Thomas and Jones, Thouis R. and Cera, Tim and Leslie, Tim and Zito, Tiziano and Krauss, Tom and Upadhyay, Utkarsh and Halchenko, Yaroslav O. and V{\'a}zquez-Baeza, Yoshiki and SciPy 1.0 Contributors}, 
  year = {2020}, 
  month = {2}, 
  day = {3}, 
  number = {3}, 
  volume = {17}, 
  journal = {Nature Methods}, 
  pages = {261-272}, 
  publisher = {Springer Science and Business Media LLC}, 
  url = {http://dx.doi.org/10.1038/s41592-019-0686-2}, 
  doi = {10.1038/s41592-019-0686-2}
}

@article{harris2020,
  title = {Array programming with NumPy},
  author = {Harris, Charles R. and Millman, K. Jarrod and van der Walt, St{\'e}fan J. and Gommers, Ralf and Virtanen, Pauli and Cournapeau, David and Wieser, Eric and Taylor, Julian and Berg, Sebastian and Smith, Nathaniel J. and Kern, Robert and Picus, Matti and Hoyer, Stephan and van Kerkwijk, Marten H. and Brett, Matthew and Haldane, Allan and del R{\'\i}o, Jaime Fern{\'a}ndez and Wiebe, Mark and Peterson, Pearu and G{\'e}rard-Marchant, Pierre and Sheppard, Kevin and Reddy, Tyler and Weckesser, Warren and Abbasi, Hameer and Gohlke, Christoph and Oliphant, Travis E.},
  year = {2020},
  month = {9},
  day = {16},
  number = {7825},
  volume = {585},
  journal = {Nature},
  pages = {357-362},
  publisher = {Springer Science and Business Media LLC},
  url = {http://dx.doi.org/10.1038/s41586-020-2649-2},
  doi = {10.1038/s41586-020-2649-2}
}

@article{dalcin2021,
  title = {mpi4py: Status Update After 12 Years of Development},
  author = {Dalcin, Lisandro and Fang, Yao-Lung L.},
  year = {2021},
  month = {7},
  day = {1},
  number = {4},
  volume = {23},
  journal = {Computing in Science \& Engineering},
  pages = {47-54},
  publisher = {Institute of Electrical and Electronics Engineers (IEEE)},
  url = {http://dx.doi.org/10.1109/mcse.2021.3083216},
  doi = {10.1109/mcse.2021.3083216}
}

@article{hunter2007,
  title = {Matplotlib: A 2D Graphics Environment},
  author = {Hunter, John D.},
  year = {2007},
  number = {3},
  volume = {9},
  journal = {Computing in Science \& Engineering},
  pages = {90-95},
  publisher = {Institute of Electrical and Electronics Engineers (IEEE)},
  url = {http://dx.doi.org/10.1109/mcse.2007.55},
  doi = {10.1109/mcse.2007.55}
}

@article{fiurasek2022,
  title = {Efficient construction of witnesses of the stellar rank of nonclassical states of light},
  author = {Fiur{\'a}{\v{s}}ek, Jarom{\'\i}r},
  year = {2022},
  month = {8},
  day = {5},
  number = {17},
  volume = {30},
  journal = {Optics Express},
  pages = {30630},
  publisher = {Optica Publishing Group},
  url = {http://dx.doi.org/10.1364/oe.466175},
  doi = {10.1364/oe.466175}
}

@article{chabaud2020,
  title = {Stellar Representation of Non-Gaussian Quantum States},
  author = {Chabaud, Ulysse and Markham, Damian and Grosshans, Fr{\'e}d{\'e}ric},
  year = {2020},
  month = {2},
  day = {14},
  number = {6},
  volume = {124},
  journal = {Physical Review Letters},
  publisher = {American Physical Society (APS)},
  url = {http://dx.doi.org/10.1103/physrevlett.124.063605},
  doi = {10.1103/physrevlett.124.063605}
}

@article{paul1996,
  title = {Photon Chopping: New Way to Measure the Quantum State of Light},
  author = {Paul, H. and T{\"o}rm{\"a}, P. and Kiss, T. and Jex, I.},
  year = {1996},
  month = {4},
  day = {1},
  number = {14},
  volume = {76},
  journal = {Physical Review Letters},
  pages = {2464-2467},
  publisher = {American Physical Society (APS)},
  url = {http://dx.doi.org/10.1103/physrevlett.76.2464},
  doi = {10.1103/physrevlett.76.2464}
}

@article{hlousek2019,
  title = {Accurate Detection of Arbitrary Photon Statistics}, 
  author = {Hlou{\v{s}}ek, Josef and Dudka, Michal and Straka, Ivo and Je{\v{z}}ek, Miroslav}, 
  year = {2019}, 
  month = {10}, 
  day = {11}, 
  number = {15}, 
  volume = {123}, 
  journal = {Physical Review Letters}, 
  publisher = {American Physical Society (APS)}, 
  url = {http://dx.doi.org/10.1103/physrevlett.123.153604}, 
  doi = {10.1103/physrevlett.123.153604}
}

@article{grygar2022,
  title = {Quantum non-Gaussianity certification of photon number-resolving detectors},
  author = {Grygar, Jan and Hlou{\v{s}}ek, Josef and Fiur{\'a}{\v{s}}ek, Jarom{\'\i}r and Je{\v{z}}ek, Miroslav},
  year = {2022},
  month = {8},
  day = {25},
  number = {18},
  volume = {30},
  journal = {Optics Express},
  pages = {33097},
  publisher = {Optica Publishing Group},
  url = {http://dx.doi.org/10.1364/oe.463786},
  doi = {10.1364/oe.463786}
}

@article{hlousek2024,
  title = {High-resolution coincidence counting system for large-scale photonics applications},
  author = {Hlou{\v{s}}ek, Josef and Grygar, Jan and Dudka, Michal and Je{\v{z}}ek, Miroslav},
  year = {2024},
  month = {2},
  day = {12},
  number = {2},
  volume = {21},
  journal = {Physical Review Applied},
  publisher = {American Physical Society (APS)},
  url = {http://dx.doi.org/10.1103/physrevapplied.21.024023},
  doi = {10.1103/physrevapplied.21.024023}
}

@article{ercolano2024,
  title = {Superconducting PNR Detector for Photon Sources Characterization},
  author = {Ercolano, Pasquale and Salvoni, Daniela and Bruscino, Ciro and Di Giancamillo, Matteo and Zhang, Chengjun and Ejrnaes, Mikkel and Huang, Jia and Li, Hao and You, Lixing and Parlato, Loredana and Martinelli, Mario and Pepe, Giovanni Piero},
  year = {2024},
  number = {3},
  volume = {34},
  journal = {IEEE Transactions on Applied Superconductivity},
  pages = {1-5},
  publisher = {Institute of Electrical and Electronics Engineers (IEEE)},
  url = {http://dx.doi.org/10.1109/tasc.2024.3353709},
  doi = {10.1109/tasc.2024.3353709}
}

@article{hopker2019,
  title = {Integrated transition edge sensors on titanium in-diffused lithium niobate waveguides}, 
  author = {H{\"o}pker, Jan Philipp and Gerrits, Thomas and Lita, Adriana and Krapick, Stephan and Herrmann, Harald and Ricken, Raimund and Quiring, Viktor and Mirin, Richard and Nam, Sae Woo and Silberhorn, Christine and Bartley, Tim J.}, 
  year = {2019}, 
  number = {5}, 
  volume = {4}, 
  journal = {APL Photonics}, 
  pages = {056103}, 
  publisher = {AIP Publishing}, 
  url = {http://dx.doi.org/10.1063/1.5086276}, 
  doi = {10.1063/1.5086276}
} 

@article{endo2021,
  title = {Quantum detector tomography of a superconducting nanostrip photon-number-resolving detector},
  author = {Endo, Mamoru and Sonoyama, Tatsuki and Matsuyama, Mikihisa and Okamoto, Fumiya and Miki, Shigehito and Yabuno, Masahiro and China, Fumihiro and Terai, Hirotaka and Furusawa, Akira},
  year = {2021},
  month = {3},
  day = {30},
  number = {8},
  volume = {29},
  journal = {Optics Express},
  pages = {11728},
  publisher = {Optica Publishing Group},
  url = {http://dx.doi.org/10.1364/oe.423142},
  doi = {10.1364/oe.423142}
}

@article{endo2024,
  title = {Optically-Sampled Superconducting-Nanostrip Photon-Number Resolving Detector for Non-Classical Quantum State Generation}, 
  author = {Endo, Mamoru and Takahashi, Kazuma and Nomura, Takefumi and Sonoyama, Tatsuki and Yabuno, Masahiro and Miki, Shigehito and Terai, Hirotaka and Kashiwazaki, Takahiro and Inoue, Asuka and Umeki, Takeshi and Nehra, Rajveer and Takase, Kan and Asavanant, Warit and Furusawa, Akira}, 
  year = {2024}, 
  publisher = {arXiv}, 
  journal = {arXiv}, 
  url = {https://arxiv.org/abs/2405.06901}, 
  doi = {10.48550/ARXIV.2405.06901}
}

@article{feito2009,
  title = {Measuring measurement: theory and practice},
  author = {Feito, A and Lundeen, J S and Coldenstrodt-Ronge, H and Eisert, J and Plenio, M B and Walmsley, I A},
  year = {2009},
  month = {9},
  day = {28},
  number = {9},
  volume = {11},
  journal = {New Journal of Physics},
  pages = {093038},
  publisher = {IOP Publishing},
  url = {http://dx.doi.org/10.1088/1367-2630/11/9/093038},
  doi = {10.1088/1367-2630/11/9/093038}
}

@article{walschaers2021,
  title = {Non-Gaussian Quantum States and Where to Find Them},
  author = {Walschaers, Mattia},
  year = {2021},
  month = {9},
  day = {28},
  number = {3},
  volume = {2},
  journal = {PRX Quantum},
  publisher = {American Physical Society (APS)},
  url = {http://dx.doi.org/10.1103/prxquantum.2.030204},
  doi = {10.1103/prxquantum.2.030204}
}

@article{lloyd1999,
  title = {Quantum Computation over Continuous Variables}, 
  author = {Lloyd, Seth and Braunstein, Samuel L.}, 
  year = {1999}, 
  month = {2}, 
  day = {22}, 
  number = {8}, 
  volume = {82}, 
  journal = {Physical Review Letters}, 
  pages = {1784-1787}, 
  publisher = {American Physical Society (APS)}, 
  url = {http://dx.doi.org/10.1103/physrevlett.82.1784}, 
  doi = {10.1103/physrevlett.82.1784}
}

@article{gottesman2001,
  title = {Encoding a qubit in an oscillator},
  author = {Gottesman, Daniel and Kitaev, Alexei and Preskill, John},
  year = {2001},
  month = {6},
  day = {11},
  number = {1},
  volume = {64},
  journal = {Physical Review A},
  publisher = {American Physical Society (APS)},
  url = {http://dx.doi.org/10.1103/physreva.64.012310},
  doi = {10.1103/physreva.64.012310}
}

@article{bourassa2021,
  title = {Blueprint for a Scalable Photonic Fault-Tolerant Quantum Computer}, 
  author = {Bourassa, J. Eli and Alexander, Rafael N. and Vasmer, Michael and Patil, Ashlesha and Tzitrin, Ilan and Matsuura, Takaya and Su, Daiqin and Baragiola, Ben Q. and Guha, Saikat and Dauphinais, Guillaume and Sabapathy, Krishna K. and Menicucci, Nicolas C. and Dhand, Ish}, 
  year = {2021}, 
  month = {2}, 
  day = {4}, 
  volume = {5}, 
  journal = {Quantum}, 
  pages = {392}, 
  publisher = {Verein zur Forderung des Open Access Publizierens in den Quantenwissenschaften}, 
  url = {http://dx.doi.org/10.22331/q-2021-02-04-392}, 
  doi = {10.22331/q-2021-02-04-392}
}

@article{menicucci2014,
  title = {Fault-Tolerant Measurement-Based Quantum Computing with Continuous-Variable Cluster States}, 
  author = {Menicucci, Nicolas C.}, 
  year = {2014}, 
  month = {3}, 
  day = {26}, 
  number = {12}, 
  volume = {112}, 
  journal = {Physical Review Letters}, 
  pages = {120504}, 
  publisher = {American Physical Society (APS)}, 
  url = {http://dx.doi.org/10.1103/physrevlett.112.120504}, 
  doi = {10.1103/physrevlett.112.120504}
}

@article{baragiola2019,
  title = {All-Gaussian Universality and Fault Tolerance with the Gottesman-Kitaev-Preskill Code}, 
  author = {Baragiola, Ben Q. and Pantaleoni, Giacomo and Alexander, Rafael N. and Karanjai, Angela and Menicucci, Nicolas C.}, 
  year = {2019}, 
  month = {11}, 
  day = {13}, 
  number = {20}, 
  volume = {123}, 
  journal = {Physical Review Letters}, 
  pages = {200502}, 
  publisher = {American Physical Society (APS)}, 
  url = {http://dx.doi.org/10.1103/physrevlett.123.200502}, 
  doi = {10.1103/physrevlett.123.200502}
}

@article{madsen2022,
  title = {Quantum computational advantage with a programmable photonic processor},
  author = {Madsen, Lars S. and Laudenbach, Fabian and Askarani, Mohsen Falamarzi. and Rortais, Fabien and Vincent, Trevor and Bulmer, Jacob F. F. and Miatto, Filippo M. and Neuhaus, Leonhard and Helt, Lukas G. and Collins, Matthew J. and Lita, Adriana E. and Gerrits, Thomas and Nam, Sae Woo and Vaidya, Varun D. and Menotti, Matteo and Dhand, Ish and Vernon, Zachary and Quesada, Nicol{\'a}s and Lavoie, Jonathan},
  year = {2022},
  month = {6},
  day = {1},
  number = {7912},
  volume = {606},
  journal = {Nature},
  pages = {75-81},
  publisher = {Springer Science and Business Media LLC},
  url = {http://dx.doi.org/10.1038/s41586-022-04725-x},
  doi = {10.1038/s41586-022-04725-x}
}

@article{aghaeerad2025,
  title = {Scaling and networking a modular photonic quantum computer},
  author = {Aghaee Rad, H. and Ainsworth, T. and Alexander, R. N. and Altieri, B. and Askarani, M. F. and Baby, R. and Banchi, L. and Baragiola, B. Q. and Bourassa, J. E. and Chadwick, R. S. and Charania, I. and Chen, H. and Collins, M. J. and Contu, P. and D{'}Arcy, N. and Dauphinais, G. and De Prins, R. and Deschenes, D. and Di Luch, I. and Duque, S. and Edke, P. and Fayer, S. E. and Ferracin, S. and Ferretti, H. and Gefaell, J. and Glancy, S. and Gonz{\'a}lez-Arciniegas, C. and Grainge, T. and Han, Z. and Hastrup, J. and Helt, L. G. and Hillmann, T. and Hundal, J. and Izumi, S. and Jaeken, T. and Jonas, M. and Kocsis, S. and Krasnokutska, I. and Larsen, M. V. and Laskowski, P. and Laudenbach, F. and Lavoie, J. and Li, M. and Lomonte, E. and Lopetegui, C. E. and Luey, B. and Lund, A. P. and Ma, C. and Madsen, L. S. and Mahler, D. H. and Mantilla Calder{\'o}n, L. and Menotti, M. and Miatto, F. M. and Morrison, B. and Nadkarni, P. J. and Nakamura, T. and Neuhaus, L. and Niu, Z. and Noro, R. and Papirov, K. and Pesah, A. and Phillips, D. S. and Plick, W. N. and Rogalsky, T. and Rortais, F. and Sabines-Chesterking, J. and Safavi-Bayat, S. and Sazhaev, E. and Seymour, M. and Rezaei Shad, K. and Silverman, M. and Srinivasan, S. A. and Stephan, M. and Tang, Q. Y. and Tasker, J. F. and Teo, Y. S. and Then, R. B. and Tremblay, J. E. and Tzitrin, I. and Vaidya, V. D. and Vasmer, M. and Vernon, Z. and Villalobos, L. F. S. S. M. and Walshe, B. W. and Weil, R. and Xin, X. and Yan, X. and Yao, Y. and Zamani Abnili, M. and Zhang, Y.},
  year = {2025},
  month = {1},
  day = {22},
  number = {8052},
  volume = {638},
  journal = {Nature},
  pages = {912-919},
  publisher = {Springer Science and Business Media LLC},
  url = {http://dx.doi.org/10.1038/s41586-024-08406-9},
  doi = {10.1038/s41586-024-08406-9}
}

@article{filip2005,
  title = {Measurement-induced continuous-variable quantum interactions},
  author = {Filip, Radim and Marek, Petr and Andersen, Ulrik L.},
  year = {2005},
  month = {4},
  day = {4},
  number = {4},
  volume = {71},
  journal = {Physical Review A},
  publisher = {American Physical Society (APS)},
  url = {http://dx.doi.org/10.1103/physreva.71.042308},
  doi = {10.1103/physreva.71.042308}
}

@article{yukawa2013b,
  title = {Emulating quantum cubic nonlinearity},
  author = {Yukawa, Mitsuyoshi and Miyata, Kazunori and Yonezawa, Hidehiro and Marek, Petr and Filip, Radim and Furusawa, Akira},
  year = {2013},
  month = {11},
  day = {13},
  number = {5},
  volume = {88},
  journal = {Physical Review A},
  publisher = {American Physical Society (APS)},
  url = {http://dx.doi.org/10.1103/physreva.88.053816},
  doi = {10.1103/physreva.88.053816}
}

@article{miyata2016,
  title = {Implementation of a quantum cubic gate by an adaptive non-Gaussian measurement},
  author = {Miyata, Kazunori and Ogawa, Hisashi and Marek, Petr and Filip, Radim and Yonezawa, Hidehiro and Yoshikawa, Jun-ichi and Furusawa, Akira},
  year = {2016},
  month = {2},
  day = {1},
  number = {2},
  volume = {93},
  journal = {Physical Review A},
  publisher = {American Physical Society (APS)},
  url = {http://dx.doi.org/10.1103/physreva.93.022301},
  doi = {10.1103/physreva.93.022301}
}

@article{marek2018a,
  title = {General implementation of arbitrary nonlinear quadrature phase gates},
  author = {Marek, Petr and Filip, Radim and Ogawa, Hisashi and Sakaguchi, Atsushi and Takeda, Shuntaro and Yoshikawa, Jun-ichi and Furusawa, Akira},
  year = {2018},
  month = {2},
  day = {20},
  number = {2},
  volume = {97},
  journal = {Physical Review A},
  publisher = {American Physical Society (APS)},
  url = {http://dx.doi.org/10.1103/physreva.97.022329},
  doi = {10.1103/physreva.97.022329}
}

@article{su2019,
  title = {Conversion of Gaussian states to non-Gaussian states using photon-number-resolving detectors}, 
  author = {Su, Daiqin and Myers, Casey R. and Sabapathy, Krishna Kumar}, 
  year = {2019}, 
  month = {11}, 
  day = {1}, 
  number = {5}, 
  volume = {100}, 
  journal = {Physical Review A}, 
  publisher = {American Physical Society (APS)}, 
  url = {http://dx.doi.org/10.1103/physreva.100.052301}, 
  doi = {10.1103/physreva.100.052301}
}

@article{quesada2019,
  title = {Simulating realistic non-Gaussian state preparation},
  author = {Quesada, N. and Helt, L. G. and Izaac, J. and Arrazola, J. M. and Shahrokhshahi, R. and Myers, C. R. and Sabapathy, K. K.},
  year = {2019},
  month = {8},
  day = {29},
  number = {2},
  volume = {100},
  journal = {Physical Review A},
  publisher = {American Physical Society (APS)},
  url = {http://dx.doi.org/10.1103/physreva.100.022341},
  doi = {10.1103/physreva.100.022341}
}

@article{weigand2018,
  title = {Generating grid states from Schr{\"o}dinger-cat states without postselection},
  author = {Weigand, Daniel J. and Terhal, Barbara M.},
  year = {2018},
  month = {2},
  day = {28},
  number = {2},
  volume = {97},
  journal = {Physical Review A},
  publisher = {American Physical Society (APS)},
  url = {http://dx.doi.org/10.1103/physreva.97.022341},
  doi = {10.1103/physreva.97.022341}
}
@article{eaton2022,
  title = {Measurement-based generation and preservation of cat and grid states within a continuous-variable cluster state}, 
  author = {Eaton, Miller and Gonz{\'a}lez-Arciniegas, Carlos and Alexander, Rafael N. and Menicucci, Nicolas C. and Pfister, Olivier}, 
  year = {2022}, 
  month = {7}, 
  day = {20}, 
  volume = {6}, 
  journal = {Quantum}, 
  pages = {769}, 
  publisher = {Verein zur Forderung des Open Access Publizierens in den Quantenwissenschaften}, 
  url = {http://dx.doi.org/10.22331/q-2022-07-20-769}, 
  doi = {10.22331/q-2022-07-20-769}
}

@article{zheng2023,
  title = {Gaussian conversion protocol for heralded generation of generalized Gottesman-Kitaev-Preskill states},
  author = {Zheng, Yu and Ferraro, Alessandro and Kockum, Anton Frisk and Ferrini, Giulia},
  year = {2023},
  month = {7},
  day = {5},
  number = {1},
  volume = {108},
  journal = {Physical Review A},
  publisher = {American Physical Society (APS)},
  url = {http://dx.doi.org/10.1103/physreva.108.012603},
  doi = {10.1103/physreva.108.012603}
}

@article{takase2024,
  title = {Generation of flying logical qubits using generalized photon subtraction with adaptive Gaussian operations},
  author = {Takase, Kan and Hanamura, Fumiya and Nagayoshi, Hironari and Bourassa, J. Eli and Alexander, Rafael N. and Kawasaki, Akito and Asavanant, Warit and Endo, Mamoru and Furusawa, Akira},
  year = {2024},
  month = {7},
  day = {12},
  number = {1},
  volume = {110},
  journal = {Physical Review A},
  publisher = {American Physical Society (APS)},
  url = {http://dx.doi.org/10.1103/physreva.110.012436},
  doi = {10.1103/physreva.110.012436}
}

@article{endo2023,
  title = {Non-Gaussian quantum state generation by multi-photon subtraction at the telecommunication wavelength},
  author = {Endo, Mamoru and He, Ruofan and Sonoyama, Tatsuki and Takahashi, Kazuma and Kashiwazaki, Takahiro and Umeki, Takeshi and Takasu, Sachiko and Hattori, Kaori and Fukuda, Daiji and Fukui, Kosuke and Takase, Kan and Asavanant, Warit and Marek, Petr and Filip, Radim and Furusawa, Akira},
  year = {2023},
  month = {4},
  day = {3},
  number = {8},
  volume = {31},
  journal = {Optics Express},
  pages = {12865},
  publisher = {Optica Publishing Group},
  url = {http://dx.doi.org/10.1364/oe.486270},
  doi = {10.1364/oe.486270}
}

@article{marek2009,
  title = {Resources for universal quantum-state manipulation and engineering},
  author = {Marek, Petr and Fiur{\'a}{\v{s}}ek, Jarom{\'\i}r},
  year = {2009},
  month = {6},
  day = {23},
  number = {6},
  volume = {79},
  journal = {Physical Review A},
  publisher = {American Physical Society (APS)},
  url = {http://dx.doi.org/10.1103/physreva.79.062321},
  doi = {10.1103/physreva.79.062321}
}

@article{marek2011,
  title = {Deterministic implementation of weak quantum cubic nonlinearity},
  author = {Marek, Petr and Filip, Radim and Furusawa, Akira},
  year = {2011},
  month = {11},
  day = {2},
  number = {5},
  volume = {84},
  journal = {Physical Review A},
  publisher = {American Physical Society (APS)},
  url = {http://dx.doi.org/10.1103/physreva.84.053802},
  doi = {10.1103/physreva.84.053802}
}

@article{eaton2019,
  title = {Non-Gaussian and Gottesman{--}Kitaev{--}Preskill state preparation by photon catalysis},
  author = {Eaton, Miller and Nehra, Rajveer and Pfister, Olivier},
  year = {2019},
  month = {11},
  day = {1},
  number = {11},
  volume = {21},
  journal = {New Journal of Physics},
  pages = {113034},
  publisher = {IOP Publishing},
  url = {http://dx.doi.org/10.1088/1367-2630/ab5330},
  doi = {10.1088/1367-2630/ab5330}
}

@article{takase2021,
  title = {Generation of optical Schr{\"o}dinger cat states by generalized photon subtraction},
  author = {Takase, Kan and Yoshikawa, Jun-ichi and Asavanant, Warit and Endo, Mamoru and Furusawa, Akira},
  year = {2021},
  month = {1},
  day = {8},
  number = {1},
  volume = {103},
  journal = {Physical Review A},
  publisher = {American Physical Society (APS)},
  url = {http://dx.doi.org/10.1103/physreva.103.013710},
  doi = {10.1103/physreva.103.013710}
}

@article{sakaguchi2023,
  title = {Nonlinear feedforward enabling quantum computation},
  author = {Sakaguchi, Atsushi and Konno, Shunya and Hanamura, Fumiya and Asavanant, Warit and Takase, Kan and Ogawa, Hisashi and Marek, Petr and Filip, Radim and Yoshikawa, Jun-ichi and Huntington, Elanor and Yonezawa, Hidehiro and Furusawa, Akira},
  year = {2023},
  month = {7},
  day = {12},
  number = {1},
  volume = {14},
  journal = {Nature Communications},
  publisher = {Springer Science and Business Media LLC},
  url = {http://dx.doi.org/10.1038/s41467-023-39195-w},
  doi = {10.1038/s41467-023-39195-w}
}

@article{dakna1999,
  title = {Generation of arbitrary quantum states of traveling fields},
  author = {Dakna, M. and Clausen, J. and Kn{\"o}ll, L. and Welsch, D.-G.},
  year = {1999},
  month = {2},
  day = {1},
  number = {2},
  volume = {59},
  journal = {Physical Review A},
  pages = {1658-1661},
  publisher = {American Physical Society (APS)},
  url = {http://dx.doi.org/10.1103/physreva.59.1658},
  doi = {10.1103/physreva.59.1658}
}

@article{fiurasek2005,
  title = {Conditional generation of arbitrary single-mode quantum states of light by repeated photon subtractions},
  author = {Fiur{\'a}{\v{s}}ek, Jarom{\'\i}r and Garc{\'\i}a-Patr{\'o}n, Ra{\'u}l and Cerf, Nicolas J.},
  year = {2005},
  month = {9},
  day = {23},
  number = {3},
  volume = {72},
  journal = {Physical Review A},
  publisher = {American Physical Society (APS)},
  url = {http://dx.doi.org/10.1103/physreva.72.033822},
  doi = {10.1103/physreva.72.033822}
}

@article{endo2025,
  title = {High-Rate Four Photon Subtraction from Squeezed Vacuum: Preparing Cat State for Optical Quantum Computation},
  author = {Endo, Mamoru and Nomura, Takefumi and Sonoyama, Tatsuki and Takahashi, Kazuma and Takasu, Sachiko and Fukuda, Daiji and Kashiwazaki, Takahiro and Inoue, Asuka and Umeki, Takeshi and Nehra, Rajveer and Marek, Petr and Filip, Radim and Takase, Kan and Asavanant, Warit and Furusawa, Akira},
  year = {2025},
  publisher = {arXiv},
  journal = {arXiv}, 
  url = {https://arxiv.org/abs/2502.08952},
  doi = {10.48550/ARXIV.2502.08952}
}

@inproceedings{engelkemeier2021,
  title = {Multi-photon Fock-state generation via climbing the Fock ladder},
  author = {Engelkemeier, M. and Sperling, J. and Tiedau, J. and Barkhofen, S. and Dhand, I. and Plenio, M. B. and Brecht, B. and Silberhorn, C.},
  year = {2021},
  journal = {Conference on Lasers and Electro-Optics},
  pages = {FTh1O.2},
  publisher = {Optica Publishing Group},
  url = {http://dx.doi.org/10.1364/cleo_qels.2021.fth1o.2},
  doi = {10.1364/cleo_qels.2021.fth1o.2}
}

@article{oh2020,
  title = {Optical estimation of unitary Gaussian processes without phase reference using Fock states}, 
  author = {Oh, Changhun and Park, Kimin and Filip, Radim and Jeong, Hyunseok and Marek, Petr}, 
  year = {2020}, 
  month = {12}, 
  day = {1}, 
  number = {12}, 
  volume = {22}, 
  journal = {New Journal of Physics}, 
  pages = {123039}, 
  publisher = {IOP Publishing}, 
  url = {http://dx.doi.org/10.1088/1367-2630/abd0b8}, 
  doi = {10.1088/1367-2630/abd0b8}
}

@article{kunitski2019,
  title = {Double-slit photoelectron interference in strong-field ionization of the neon dimer}, 
  author = {Kunitski, Maksim and Eicke, Nicolas and Huber, Pia and K{\"o}hler, Jonas and Zeller, Stefan and Voigtsberger, J{\"o}rg and Schlott, Nikolai and Henrichs, Kevin and Sann, Hendrik and Trinter, Florian and Schmidt, Lothar Ph. H. and Kalinin, Anton and Sch{\"o}ffler, Markus S. and Jahnke, Till and Lein, Manfred and D{\"o}rner, Reinhard}, 
  year = {2019}, 
  month = {1}, 
  day = {2}, 
  number = {1}, 
  volume = {10}, 
  journal = {Nature Communications}, 
  publisher = {Springer Science and Business Media LLC}, 
  url = {http://dx.doi.org/10.1038/s41467-018-07882-8}, 
  doi = {10.1038/s41467-018-07882-8}
}

@article{winnel2024,
  title = {Deterministic Preparation of Optical Squeezed Cat and Gottesman-Kitaev-Preskill States},
  author = {Winnel, Matthew S. and Guanzon, Joshua J. and Singh, Deepesh and Ralph, Timothy C.},
  year = {2024},
  month = {6},
  day = {7},
  number = {23},
  volume = {132},
  journal = {Physical Review Letters},
  publisher = {American Physical Society (APS)},
  url = {http://dx.doi.org/10.1103/physrevlett.132.230602},
  doi = {10.1103/physrevlett.132.230602}
}

@misc{source,
  title = {Optical states with higher stellar rank},
  publisher = {GitHub},
  journal = {GitHub repository},
  howpublished = {GitHub repository {\url{https://github.com/jan-provaznik/towards}}},
  url = {https://github.com/jan-provaznik/towards},
  author = {Jan Provazník}
}

